{
  "leader": "02258cam a2200529Ia 4500",
  "fields": [
    {
      "001": "ocm40430723\\"
    },
    {
      "003": "OCoLC"
    },
    {
      "005": "20220629091918.0"
    },
    {
      "008": "981202r19971994iluaf\\\\\\\\b\\\\\\\\001\\0\\eng\\d"
    },
    {
      "010": {
        "ind1": "\\",
        "ind2": "\\",
        "subfields": [
          {
            "z": "   94001832 "
          }
        ]
      }
    },
    {
      "040": {
        "ind1": "\\",
        "ind2": "\\",
        "subfields": [
          {
            "a": "TEF"
          },
          {
            "b": "eng"
          },
          {
            "c": "TEF"
          },
          {
            "d": "OCLCQ"
          },
          {
            "d": "BAKER"
          },
          {
            "d": "OCL"
          },
          {
            "d": "YDXCP"
          },
          {
            "d": "OCLCO"
          },
          {
            "d": "EUW"
          },
          {
            "d": "OCLCQ"
          },
          {
            "d": "LSD"
          },
          {
            "d": "OCLCQ"
          },
          {
            "d": "U3W"
          },
          {
            "d": "OCLCO"
          },
          {
            "d": "OCLCA"
          },
          {
            "d": "OCLCF"
          },
          {
            "d": "OCLCA"
          },
          {
            "d": "OCLCQ"
          },
          {
            "d": "OCLCO"
          },
          {
            "d": "CBA"
          },
          {
            "d": "OCLCO"
          },
          {
            "d": "YDXIT"
          },
          {
            "d": "OCLCO"
          },
          {
            "d": "OCLCA"
          },
          {
            "d": "OCL"
          },
          {
            "d": "OCLCA"
          },
          {
            "d": "IL4J6"
          },
          {
            "d": "OCLCO"
          },
          {
            "d": "YDX"
          }
        ]
      }
    },
    {
      "020": {
        "ind1": "\\",
        "ind2": "\\",
        "subfields": [
          {
            "z": "0226482375"
          }
        ]
      }
    },
    {
      "020": {
        "ind1": "\\",
        "ind2": "\\",
        "subfields": [
          {
            "a": "0226482383"
          },
          {
            "q": "paperback"
          }
        ]
      }
    },
    {
      "020": {
        "ind1": "\\",
        "ind2": "\\",
        "subfields": [
          {
            "a": "9780226482385"
          },
          {
            "q": "paperback"
          }
        ]
      }
    },
    {
      "035": {
        "ind1": "\\",
        "ind2": "\\",
        "subfields": [
          {
            "a": "(OCoLC)40430723"
          }
        ]
      }
    },
    {
      "043": {
        "ind1": "\\",
        "ind2": "\\",
        "subfields": [
          {
            "a": "a-ja---"
          }
        ]
      }
    },
    {
      "050": {
        "ind1": "1",
        "ind2": "4",
        "subfields": [
          {
            "a": "RA1231.R2"
          },
          {
            "b": "L497 1997"
          }
        ]
      }
    },
    {
      "060": {
        "ind1": "\\",
        "ind2": "4",
        "subfields": [
          {
            "a": "WN 11 JJ3"
          },
          {
            "b": "L743s 1997"
          }
        ]
      }
    },
    {
      "082": {
        "ind1": "0",
        "ind2": "4",
        "subfields": [
          {
            "a": "363.1799"
          },
          {
            "b": "LIN"
          }
        ]
      }
    },
    {
      "100": {
        "ind1": "1",
        "ind2": "\\",
        "subfields": [
          {
            "a": "Lindee, M. Susan,"
          },
          {
            "e": "author."
          }
        ]
      }
    },
    {
      "245": {
        "ind1": "1",
        "ind2": "0",
        "subfields": [
          {
            "a": "Suffering made real :"
          },
          {
            "b": "American science and the survivors at Hiroshima /"
          },
          {
            "c": "M. Susan Lindee."
          }
        ]
      }
    },
    {
      "260": {
        "ind1": "\\",
        "ind2": "\\",
        "subfields": [
          {
            "a": "Chicago :"
          },
          {
            "b": "University of Chicago Press,"
          },
          {
            "c": "1997."
          }
        ]
      }
    },
    {
      "300": {
        "ind1": "\\",
        "ind2": "\\",
        "subfields": [
          {
            "a": "xi, 287 pages, 16 unnumbered pages of plates :"
          },
          {
            "b": "illustrations ;"
          },
          {
            "c": "23 cm"
          }
        ]
      }
    },
    {
      "336": {
        "ind1": "\\",
        "ind2": "\\",
        "subfields": [
          {
            "a": "text"
          },
          {
            "b": "txt"
          },
          {
            "2": "rdacontent"
          }
        ]
      }
    },
    {
      "337": {
        "ind1": "\\",
        "ind2": "\\",
        "subfields": [
          {
            "a": "unmediated"
          },
          {
            "b": "n"
          },
          {
            "2": "rdamedia"
          }
        ]
      }
    },
    {
      "338": {
        "ind1": "\\",
        "ind2": "\\",
        "subfields": [
          {
            "a": "volume"
          },
          {
            "b": "nc"
          },
          {
            "2": "rdacarrier"
          }
        ]
      }
    },
    {
      "500": {
        "ind1": "\\",
        "ind2": "\\",
        "subfields": [
          {
            "a": "Originally published in 1994."
          }
        ]
      }
    },
    {
      "504": {
        "ind1": "\\",
        "ind2": "\\",
        "subfields": [
          {
            "a": "Includes bibliographical references (pages 259-278) and index."
          }
        ]
      }
    },
    {
      "610": {
        "ind1": "2",
        "ind2": "0",
        "subfields": [
          {
            "a": "Atomic Bomb Casualty Commission."
          }
        ]
      }
    },
    {
      "650": {
        "ind1": "\\",
        "ind2": "0",
        "subfields": [
          {
            "a": "Radiation"
          },
          {
            "x": "Physiological effect"
          },
          {
            "x": "Research"
          },
          {
            "x": "Social aspects."
          }
        ]
      }
    },
    {
      "651": {
        "ind1": "\\",
        "ind2": "0",
        "subfields": [
          {
            "a": "Hiroshima-shi (Japan)"
          },
          {
            "x": "History"
          },
          {
            "y": "Bombardment, 1945."
          }
        ]
      }
    },
    {
      "650": {
        "ind1": "\\",
        "ind2": "0",
        "subfields": [
          {
            "a": "Atomic bomb victims"
          },
          {
            "z": "Japan"
          },
          {
            "z": "Hiroshima-shi."
          }
        ]
      }
    },
    {
      "650": {
        "ind1": "\\",
        "ind2": "0",
        "subfields": [
          {
            "a": "Children of atomic bomb victims"
          },
          {
            "z": "Japan"
          },
          {
            "z": "Hiroshima-shi."
          }
        ]
      }
    },
    {
      "610": {
        "ind1": "2",
        "ind2": "2",
        "subfields": [
          {
            "a": "Atomic Bomb Casualty Commission."
          }
        ]
      }
    },
    {
      "650": {
        "ind1": "\\",
        "ind2": "2",
        "subfields": [
          {
            "a": "Nuclear Warfare"
          },
          {
            "x": "history"
          }
        ]
      }
    },
    {
      "650": {
        "ind1": "\\",
        "ind2": "2",
        "subfields": [
          {
            "a": "Radiation Genetics"
          },
          {
            "x": "history"
          }
        ]
      }
    },
    {
      "650": {
        "ind1": "\\",
        "ind2": "2",
        "subfields": [
          {
            "a": "Radiation Injuries"
          },
          {
            "x": "history"
          }
        ]
      }
    },
    {
      "610": {
        "ind1": "2",
        "ind2": "7",
        "subfields": [
          {
            "a": "Atomic Bomb Casualty Commission."
          },
          {
            "2": "fast"
          },
          {
            "0": "(OCoLC)fst00519322"
          }
        ]
      }
    },
    {
      "650": {
        "ind1": "\\",
        "ind2": "7",
        "subfields": [
          {
            "a": "Atomic bomb victims."
          },
          {
            "2": "fast"
          },
          {
            "0": "(OCoLC)fst00820593"
          }
        ]
      }
    },
    {
      "650": {
        "ind1": "\\",
        "ind2": "7",
        "subfields": [
          {
            "a": "Children of atomic bomb victims."
          },
          {
            "2": "fast"
          },
          {
            "0": "(OCoLC)fst00855323"
          }
        ]
      }
    },
    {
      "651": {
        "ind1": "\\",
        "ind2": "7",
        "subfields": [
          {
            "a": "Japan"
          },
          {
            "z": "Hiroshima-shi."
          },
          {
            "2": "fast"
          },
          {
            "0": "(OCoLC)fst01209723"
          }
        ]
      }
    },
    {
      "647": {
        "ind1": "\\",
        "ind2": "7",
        "subfields": [
          {
            "a": "Bombardment of Hiroshima-shi"
          },
          {
            "c": "(Hiroshima-shi, Japan :"
          },
          {
            "d": "1945)"
          },
          {
            "2": "fast"
          },
          {
            "0": "(OCoLC)fst01352071"
          }
        ]
      }
    },
    {
      "648": {
        "ind1": "\\",
        "ind2": "7",
        "subfields": [
          {
            "a": "1945"
          },
          {
            "2": "fast"
          }
        ]
      }
    },
    {
      "655": {
        "ind1": "\\",
        "ind2": "7",
        "subfields": [
          {
            "a": "History."
          },
          {
            "2": "fast"
          },
          {
            "0": "(OCoLC)fst01411628"
          }
        ]
      }
    },
    {
      "994": {
        "ind1": "\\",
        "ind2": "\\",
        "subfields": [
          {
            "a": "Z0"
          },
          {
            "b": "NYRVC"
          }
        ]
      }
    },
    {
      "948": {
        "ind1": "\\",
        "ind2": "\\",
        "subfields": [
          {
            "h": "NO HOLDINGS IN NYRVC - 35 OTHER HOLDINGS"
          }
        ]
      }
    },
    {
      "999": {
        "ind1": "\\",
        "ind2": "\\",
        "subfields": [
          {
            "a": "00000000013220"
          }
        ]
      }
    }
  ]
}